@article{stacked,
    author = {David H. Wolpert},
    title = {Stacked Generalization},
    journal = {Neural Networks},
    year = {1992},
    volume = {5},
    pages = {241--259}
}

@article{super,
    author = {Laan, Mark and C Polley, Eric and Hubbard, Alan},
    year = {2007},
    month = {02},
    pages = {Article25},
    title = {Super Learner},
    volume = {6},
    journal = {Statistical applications in genetics and molecular biology},
    doi = {10.2202/1544-6115.1309}
}

@article{regression,
author = {Breiman, Leo},
year = {1996},
month = {07},
pages = {49-64},
title = {Stacked Regressions},
volume = {24},
journal = {Machine Learning},
doi = {10.1023/A:1018046112532}
}

@article{scale,
author = {LeDell, Erin E.},
year = {2015},
title = {Scalable Ensemble Learning and Computationally Efficient Variance Estimation},
journal = {Doctoral Dissertation}
}

@misc{h2o,
  title = {Stacked Ensembles},
  howpublished = {\url{http://docs.h2o.ai/h2o/latest-stable/h2o-docs/data-science/stacked-ensembles.html}},
  note = {Accessed: 2018-12-19}
}

@misc{h2ogbm,
  title = {Gradient Boosting Machine (GBM)},
  howpublished = {\url{http://docs.h2o.ai/h2o/latest-stable/h2o-docs/data-science/gbm.html}},
  note = {Accessed: 2018-12-19}
}

@misc{h2olevel,
  title = {Stacking (Super Learner Algorithm)},
  howpublished = {\url{https://github.com/h2oai/h2o-meetups/blob/master/2017_01_05_H2O_Ensemble_New_Developments/h2o_ensemble_new_developments_jan2017.pdf}},
  note = {Accessed: 2018-12-25}
}